<?xml version="1.0" encoding="UTF-8"?><collection xmlns="http://www.loc.gov/MARC21/slim"><record><leader>00393nam--2200157-i-4500</leader><controlfield tag="001">000011142</controlfield><controlfield tag="002">20161230</controlfield><controlfield tag="005">20170220172300</controlfield><controlfield tag="008">060222s1000------------r-----000-0-eng-d</controlfield><datafield ind1=" " ind2=" " tag="080"><subfield code="a">621.311.2(047.1):621.039(047.1)</subfield></datafield><datafield ind1=" " ind2=" " tag="245"><subfield code="a">Abc de l energie electronucleaire</subfield></datafield><datafield ind1=" " ind2=" " tag="260"><subfield code="a">Canada</subfield><subfield code="b">A.E.C.L</subfield><subfield code="c">1972</subfield></datafield><datafield ind1=" " ind2=" " tag="300"><subfield code="a">4 p</subfield></datafield><datafield ind1=" " ind2=" " tag="490"><subfield code="a">Aecl</subfield><subfield code="v">3003f</subfield></datafield><datafield ind1=" " ind2=" " tag="852"><subfield code="a">41307</subfield></datafield><datafield ind1=" " ind2=" " tag="CAT"><subfield code="a">SYS</subfield><subfield code="c">20170220</subfield><subfield code="h">172300</subfield></datafield></record></collection>